@misc{leverage,
  title = {How Much Leverage Is Right for You in Forex Trades},
  howpublished = {\url{https://www.investopedia.com/articles/forex/092115/how-much-leverage-right-you-forex-trades.asp}},
  note = {Accessed: 2021-12-16}
}

@inproceedings{delage2011multi,
  title={Multi-Agent based simulation of FOREX exchange market},
  author={Delage, Vivien and Brandlhuber, Christian and Tuyls, Karl and Weiss, Gerhard},
  booktitle={Proceedings of the 23rd Benelux Conference on Artificial Intelligence (BNAIC)},
  year={2011},
  organization={Citeseer}
}

@book{kissell2020algorithmic,
  title={Algorithmic Trading Methods: Applications Using Advanced Statistics, Optimization, and Machine Learning Techniques},
  author={Kissell, R.L.},
  isbn={9780128156308},
  url={https://books.google.co.uk/books?id=Owz8DwAAQBAJ},
  year={2020},
  publisher={Elsevier Science}
}
